<marc:record xmlns:marc="http://www.loc.gov/MARC21/slim" xmlns:xsi="http://www.w3.org/2001/XMLSchema-instance" xsi:schemaLocation="http://www.loc.gov/MARC21/slim http://www.loc.gov/standards/marcxml/schema/MARC21slim.xsd">
  <marc:leader>     cam a2200265   45M</marc:leader>
  <marc:controlfield tag="001">001683078</marc:controlfield>
  <marc:controlfield tag="003">NNU</marc:controlfield>
  <marc:controlfield tag="005">20001219004855.0</marc:controlfield>
  <marc:controlfield tag="008">000913m19251931ua            000 0 arard</marc:controlfield>
  <marc:datafield tag="010" ind1=" " ind2=" ">
    <marc:subfield code="a">60029018</marc:subfield>
  </marc:datafield>
  <marc:datafield tag="035" ind1="9" ind2=" ">
    <marc:subfield code="a">NYUb12226498</marc:subfield>
  </marc:datafield>
  <marc:datafield tag="035" ind1=" " ind2=" ">
    <marc:subfield code="a">(OCoLC)18458741</marc:subfield>
  </marc:datafield>
  <marc:datafield tag="035" ind1=" " ind2=" ">
    <marc:subfield code="a">(UPvMLC)DCGGB14883545-B</marc:subfield>
  </marc:datafield>
  <marc:datafield tag="040" ind1=" " ind2=" ">
    <marc:subfield code="a">WaU</marc:subfield>
    <marc:subfield code="c">WaU</marc:subfield>
  </marc:datafield>
  <marc:datafield tag="100" ind1="1" ind2=" ">
    <marc:subfield code="a">Daylamī, Mihyār ibn Marzawayh,</marc:subfield>
    <marc:subfield code="d">d. 1036 or 7.</marc:subfield>
  </marc:datafield>
  <marc:datafield tag="245" ind1="1" ind2="0">
    <marc:subfield code="a">Dīwān Mihyār al-Daylamī.</marc:subfield>
  </marc:datafield>
  <marc:datafield tag="250" ind1=" " ind2=" ">
    <marc:subfield code="a">al-Ṭabʻah 1.</marc:subfield>
  </marc:datafield>
  <marc:datafield tag="260" ind1=" " ind2=" ">
    <marc:subfield code="a">al-Qāhirah :</marc:subfield>
    <marc:subfield code="b">Maṭbaʻat Dār al-Kutub al-Miṣrīyah,</marc:subfield>
    <marc:subfield code="c">[1925-31]</marc:subfield>
  </marc:datafield>
  <marc:datafield tag="300" ind1=" " ind2=" ">
    <marc:subfield code="a">v :</marc:subfield>
    <marc:subfield code="b">facsims. ;</marc:subfield>
    <marc:subfield code="c">28 cm.</marc:subfield>
  </marc:datafield>
  <marc:datafield tag="710" ind1="2" ind2=" ">
    <marc:subfield code="a">Dār al-Kutub al-Miṣrīyah.</marc:subfield>
    <marc:subfield code="b">Qism al-Adabī.</marc:subfield>
  </marc:datafield>
  <marc:datafield tag="950" ind1=" " ind2=" ">
    <marc:subfield code="l">BMAIN</marc:subfield>
    <marc:subfield code="a">PJ7750</marc:subfield>
    <marc:subfield code="b">.M5 1925</marc:subfield>
  </marc:datafield>
  <marc:datafield tag="955" ind1=" " ind2=" ">
    <marc:subfield code="l">BMAIN</marc:subfield>
    <marc:subfield code="c">1:v.1</marc:subfield>
    <marc:subfield code="r">028859182</marc:subfield>
  </marc:datafield>
  <marc:datafield tag="955" ind1=" " ind2=" ">
    <marc:subfield code="l">BMAIN</marc:subfield>
    <marc:subfield code="c">1:v.2</marc:subfield>
    <marc:subfield code="r">028859125</marc:subfield>
  </marc:datafield>
  <marc:datafield tag="955" ind1=" " ind2=" ">
    <marc:subfield code="l">BMAIN</marc:subfield>
    <marc:subfield code="c">1:v.3</marc:subfield>
    <marc:subfield code="r">028859067</marc:subfield>
  </marc:datafield>
  <marc:datafield tag="955" ind1=" " ind2=" ">
    <marc:subfield code="l">BMAIN</marc:subfield>
    <marc:subfield code="c">1:v.4</marc:subfield>
    <marc:subfield code="r">028859000</marc:subfield>
  </marc:datafield>
  <marc:datafield tag="998" ind1=" " ind2=" ">
    <marc:subfield code="s">9115</marc:subfield>
  </marc:datafield>
</marc:record>
